<record><leader>00000cas a2200000 a 4500</leader><controlfield tag="001">32915689</controlfield><controlfield tag="008">950803d19331946fluwr ne      0    0eng c</controlfield><datafield ind1=" " ind2=" " tag="010"><subfield code="a">sn 95026909 </subfield></datafield><datafield ind1=" " ind2=" " tag="040"><subfield code="a">FUG</subfield><subfield code="b">eng</subfield><subfield code="c">FUG</subfield><subfield code="d">OCLCQ</subfield><subfield code="d">OCLCF</subfield><subfield code="d">OCLCO</subfield></datafield><datafield ind1=" " ind2=" " tag="012"><subfield code="i">9508</subfield></datafield><datafield ind1=" " ind2=" " tag="042"><subfield code="a">pcc</subfield></datafield><datafield ind1=" " ind2=" " tag="043"><subfield code="a">n-us-fl</subfield></datafield><datafield ind1="0" ind2="4" tag="245"><subfield code="a">The Scenic Highlands sun.</subfield></datafield><datafield ind1="1" ind2="3" tag="246"><subfield code="a">Sun</subfield></datafield><datafield ind1=" " ind2=" " tag="260"><subfield code="a">Avon Park, Fla. :</subfield><subfield code="b">[s.n.],</subfield><subfield code="c">-1946.</subfield></datafield><datafield ind1=" " ind2=" " tag="300"><subfield code="a">v.</subfield></datafield><datafield ind1=" " ind2=" " tag="310"><subfield code="a">Weekly (published on Saturday)</subfield></datafield><datafield ind1="1" ind2=" " tag="362"><subfield code="a">Began in 1933?</subfield><subfield code="z">Cf. Gregory, W. Amer. newspapers, 1937.</subfield></datafield><datafield ind1="0" ind2=" " tag="362"><subfield code="a">-v. 21, no. 24 (Apr. 26, 1946).</subfield></datafield><datafield ind1=" " ind2=" " tag="500"><subfield code="a">Publisher: W.M. Hetherington, &lt;1946&gt;.</subfield></datafield><datafield ind1=" " ind2=" " tag="515"><subfield code="a">Issue for Jan. 13, 1934 misdated 1933.</subfield></datafield><datafield ind1=" " ind2=" " tag="515"><subfield code="a">Vol. designation for 1934 varies randomly between v. 9 and v. 7.</subfield></datafield><datafield ind1=" " ind2=" " tag="588"><subfield code="a">Description based on: Vol. 9, no. 14 (Jan. 6, 1934).</subfield></datafield><datafield ind1=" " ind2=" " tag="588"><subfield code="a">Latest issue consulted: Vol. 16, no. 7 (Dec. 30, 1939).</subfield></datafield><datafield ind1=" " ind2="0" tag="651"><subfield code="a">Avon Park (Fla.)</subfield><subfield code="v">Newspapers.</subfield></datafield><datafield ind1=" " ind2="0" tag="651"><subfield code="a">Highlands County (Fla.)</subfield><subfield code="v">Newspapers.</subfield></datafield><datafield ind1=" " ind2="7" tag="655"><subfield code="a">Newspapers.</subfield><subfield code="2">fast</subfield><subfield code="0">(OCoLC)fst01423814</subfield></datafield><datafield ind1=" " ind2="7" tag="651"><subfield code="a">Florida</subfield><subfield code="z">Avon Park.</subfield><subfield code="2">fast</subfield><subfield code="0">(OCoLC)fst01215454</subfield></datafield><datafield ind1=" " ind2="7" tag="651"><subfield code="a">Florida</subfield><subfield code="z">Highlands County.</subfield><subfield code="2">fast</subfield><subfield code="0">(OCoLC)fst01214945</subfield></datafield><datafield ind1=" " ind2=" " tag="752"><subfield code="a">United States</subfield><subfield code="b">Florida</subfield><subfield code="c">Highlands</subfield><subfield code="d">Avon Park.</subfield></datafield><datafield ind1="0" ind2=" " tag="775"><subfield code="t">Highlands County pilot</subfield><subfield code="g">&lt;1934-1935&gt;</subfield><subfield code="w">(DLC)sn 95026910</subfield><subfield code="w">(OCoLC)32915610</subfield></datafield><datafield ind1="0" ind2="0" tag="780"><subfield code="t">Twin Cities sun</subfield></datafield><datafield ind1="0" ind2="0" tag="785"><subfield code="t">Avon Park sun</subfield><subfield code="x">0163-027X</subfield><subfield code="w">(DLC)sn 78001441</subfield><subfield code="w">(OCoLC)4279359</subfield></datafield><datafield ind1=" " ind2=" " tag="850"><subfield code="a">FU</subfield></datafield></record>